%YAML 1.1
%TAG !u! tag:unity3d.com,2011:
--- !u!1001 &100100000
Prefab:
  m_ObjectHideFlags: 1
  serializedVersion: 2
  m_Modification:
    m_TransformParent: {fileID: 0}
    m_Modifications: []
    m_RemovedComponents: []
  m_ParentPrefab: {fileID: 0}
  m_RootGameObject: {fileID: 1055229053500254}
  m_IsPrefabParent: 1
--- !u!1 &1055229053500254
GameObject:
  m_ObjectHideFlags: 0
  m_PrefabParentObject: {fileID: 0}
  m_PrefabInternal: {fileID: 100100000}
  serializedVersion: 5
  m_Component:
  - component: {fileID: 4596567927725126}
  - component: {fileID: 131306976393268180}
  - component: {fileID: 114118905277669368}
  m_Layer: 0
  m_Name: Single Joystick
  m_TagString: Untagged
  m_Icon: {fileID: 0}
  m_NavMeshLayer: 0
  m_StaticEditorFlags: 0
  m_IsActive: 1
--- !u!4 &4596567927725126
Transform:
  m_ObjectHideFlags: 1
  m_PrefabParentObject: {fileID: 0}
  m_PrefabInternal: {fileID: 100100000}
  m_GameObject: {fileID: 1055229053500254}
  m_LocalRotation: {x: 0, y: 0, z: 0, w: 1}
  m_LocalPosition: {x: 0, y: 0, z: 0}
  m_LocalScale: {x: 0, y: 0, z: 1}
  m_Children: []
  m_Father: {fileID: 0}
  m_RootOrder: 0
  m_LocalEulerAnglesHint: {x: 0, y: 0, z: 0}
--- !u!114 &114118905277669368
MonoBehaviour:
  m_ObjectHideFlags: 1
  m_PrefabParentObject: {fileID: 0}
  m_PrefabInternal: {fileID: 100100000}
  m_GameObject: {fileID: 1055229053500254}
  m_Enabled: 1
  m_EditorHideFlags: 0
  m_Script: {fileID: 11500000, guid: 0fb10c595af974ea6ba0313a749d5c55, type: 3}
  m_Name: 
  m_EditorClassIdentifier: 
  touchPad: 0
  touchZone:
    serializedVersion: 2
    x: 0
    y: 0
    width: 0
    height: 0
  deadZone: {x: 0, y: 0}
  normalize: 0
  position: {x: 0, y: 0}
  tapCount: 0
  lastMousePosition: {x: 0, y: 0}
--- !u!131 &131306976393268180
GUITexture:
  m_ObjectHideFlags: 1
  m_PrefabParentObject: {fileID: 0}
  m_PrefabInternal: {fileID: 100100000}
  m_GameObject: {fileID: 1055229053500254}
  m_Enabled: 1
  m_Texture: {fileID: 2800000, guid: 2316c962410a4a447b1c8bbb4b7f94a1, type: 3}
  m_Color: {r: 0.5, g: 0.5, b: 0.5, a: 0.5}
  m_PixelInset:
    serializedVersion: 2
    x: 66
    y: 0
    width: 100
    height: 100
  m_LeftBorder: 0
  m_RightBorder: 0
  m_TopBorder: 0
  m_BottomBorder: 0
